<?xml version="1.0" encoding="UTF-8"?><collection xmlns="http://www.loc.gov/MARC21/slim"><record><leader>00574nam--2200169-i-4500</leader><controlfield tag="001">000026756</controlfield><controlfield tag="002">20161230</controlfield><controlfield tag="005">20161230201036</controlfield><controlfield tag="008">060222s1000------------r-----000-0-eng-d</controlfield><datafield ind1=" " ind2=" " tag="040"><subfield code="a">IFIN-HH</subfield></datafield><datafield ind1=" " ind2=" " tag="080"><subfield code="a">612.014.482.6:539.125.5.081:539.1.074.8</subfield></datafield><datafield ind1="1" ind2=" " tag="100"><subfield code="a">Broerse, J. J</subfield></datafield><datafield ind1="1" ind2="0" tag="245"><subfield code="a">Monograph on basic physical data for neutron dosimetry</subfield><subfield code="b">Biological sciences radiation protection research</subfield><subfield code="c">J.j. broerse (ed.)</subfield></datafield><datafield ind1=" " ind2=" " tag="260"><subfield code="a">Luxembourg</subfield><subfield code="b">Commission Of The European Communities</subfield><subfield code="c">1976</subfield></datafield><datafield ind1=" " ind2=" " tag="300"><subfield code="a">321P</subfield></datafield><datafield ind1=" " ind2=" " tag="852"><subfield code="a">49362</subfield><subfield code="c">539.1.07:539.1.08</subfield></datafield><datafield ind1=" " ind2=" " tag="CAT"><subfield code="a">Sys</subfield><subfield code="c">20111027</subfield><subfield code="h">170115</subfield></datafield></record></collection>